@book {bergeron2009,
	AUTHOR = {Bergeron, Fran\c{c}ois},
	TITLE = {Algebraic combinatorics and coinvariant spaces},
	SERIES = {CMS Treatises in Mathematics},
	PUBLISHER = {Canadian Mathematical Society, Ottawa, ON; A K Peters, Ltd.,
	Wellesley, MA},
	YEAR = {2009},
	PAGES = {viii+221},
	ISBN = {978-1-56881-324-0},
	MRCLASS = {05-01 (05Exx 13A50 20C30)},
	MRNUMBER = {2538310},
	MRREVIEWER = {Marc A. A. van Leeuwen},
	#DOI = {10.1201/b10583},
}

